Date,Sales,tempmax,tempmin,temp
6/4/20,139.5,76.2,64,69.6
6/5/20,522.5,72.6,64.9,67.5
6/6/20,1823.75,72.7,62.9,66.8
6/7/20,2342.25,75.3,61.7,69.1
6/8/20,378.5,86.5,65.7,76.5
6/9/20,1080.5,96.2,66.3,81.5
6/10/20,752,96.8,71.3,81.8
6/11/20,1224.75,88,65,75.1
6/12/20,767.25,75.2,62.8,68
6/13/20,2430,74.5,62.7,67.8
6/14/20,3208,78.3,61.9,69
6/15/20,391.5,79.3,62.9,69
6/16/20,661.75,72.9,64.9,67.8
6/17/20,3513.25,73.8,64.9,69.2
6/18/20,2116.75,71.8,62.9,66.6
6/19/20,4604,73.2,63,67.6
6/20/20,5770.5,71.8,63.9,66.1
6/21/20,6910,75.3,64.8,68
6/22/20,492.75,78.4,64,69
6/23/20,812.25,77.6,63.9,68.6
6/24/20,1910.25,75.4,62.8,67.5
6/25/20,3995.25,75.5,64.1,68.3
6/26/20,3715,74.8,63,67.8
6/27/20,9582.5,76.3,62.1,68.1
6/28/20,6145.25,70.5,64.9,67.8
6/29/20,493.75,72.7,64,67.8
6/30/20,1299.25,73.8,61.2,67.1
7/1/20,2754.75,73.7,64,68.1
7/2/20,4308.46,76.4,63.1,69.1
7/3/20,4612.95,78.7,61,70.5
7/4/20,4279.5,82.3,64,72.4
7/5/20,4762,88.2,64.1,74.6
7/6/20,866.75,85.1,65.9,75.1
7/7/20,1290.25,80.6,65.9,73.3
7/8/20,3515,81.4,65,71.7
7/9/20,3944.25,79.7,64.3,71.5
7/10/20,5563,84.2,64.2,72.8
7/11/20,8738.5,88.5,65.1,75.5
7/12/20,8976.27,89.1,68,76.7
7/13/20,1403.5,83.2,66.1,74.3
7/14/20,1294.25,79.4,65,71.4
7/15/20,3496,77.5,64.2,69.9
7/16/20,4080.5,77.4,62.8,68.8
7/17/20,5836.25,77.7,64.1,69.7
7/18/20,5974.5,75.7,63,69.2
7/19/20,8489.5,77.2,62.8,68.1
7/20/20,1109,77.6,62.7,69.1
7/21/20,1312.25,79.3,62.9,69.2
7/22/20,3108.75,73,60.3,65.8
7/23/20,3174.25,75.4,62,67.2
7/24/20,4770.5,78.3,62,68
7/25/20,5953,77.6,61.3,68
7/26/20,6832.77,75.4,61.1,67.2
7/27/20,742.5,73.8,62.1,66.9
7/28/20,1125.25,75.3,61,66.9
7/29/20,3744.46,76.3,62,67.1
7/30/20,4658.5,81,60.9,68.8
7/31/20,5273.5,86.8,64.2,73.6
8/1/20,7432.75,89.6,62.4,75.1
8/2/20,5556.75,84.8,66.6,73.4
8/3/20,1310.75,81.1,66.8,72.9
8/4/20,1884.25,77.8,66.6,70.7
8/5/20,4125.25,75.5,65,69.7
8/6/20,3968.5,79,64.1,70
8/7/20,6884.31,78.2,63.9,70.6
8/8/20,7464,79.3,62.9,69.6
8/9/20,6877,78.2,62,68.9
8/10/20,1111.25,76.7,62.1,68
8/11/20,1836.25,74.7,61,67.7
8/12/20,5205,83.9,60.3,71.2
8/13/20,5369.5,86.6,66.9,75.7
8/14/20,6243,90.5,71.1,79.7
8/15/20,8062,96.3,73.1,81.9
8/16/20,8812.25,92.7,73.8,81.5
8/17/20,1792.25,87.2,72.9,78.4
8/18/20,2038,95.6,71.9,80.9
8/19/20,5748.75,93.3,75.7,82.2
8/20/20,6067.75,91.5,73.1,80.2
8/21/20,5914.5,89.1,73,80.2
8/22/20,7977.5,94.2,72.9,81.8
8/23/20,8639.5,87.7,74,80
8/24/20,1757,80,70.9,74.4
8/25/20,2339,83.9,69.9,75.4
8/26/20,6054.5,85.2,66.1,74.6
8/27/20,5044.25,87.5,68.1,75.4
8/28/20,7365,82.8,65,71.7
8/29/20,10113.5,78.4,62.9,68.9
8/30/20,8101.5,77.3,62.9,68.9
8/31/20,1171.25,75.7,64.9,69
9/1/20,1368,77.4,65.7,69.7
9/2/20,4806.75,77.2,64,69.6
9/3/20,5457.5,81.3,65,71.5
9/4/20,6968.25,85.6,66.8,74.7
9/5/20,7511,98.2,69.2,83.4
9/6/20,7213,107.2,76.5,90.3
9/7/20,7632,85.6,73,80.2
9/8/20,941,78.8,71.8,74.7
9/9/20,4387.25,81.3,67.9,73.5
9/10/20,4615.25,78.5,63,69.9
9/11/20,6625.71,82.5,62,71.1
9/12/20,7322.5,80.5,62.8,70.1
9/13/20,7557.34,83.6,61.8,70.3
9/14/20,823.25,84.1,62.2,72.1
9/15/20,934.5,85.3,63.1,72.7
9/16/20,5322.5,91.2,64.1,75.2
9/17/20,4964,90.7,63,74.7
9/18/20,7169.75,94.2,66.7,77.5
9/19/20,9502,84.9,66.9,74.3
9/20/20,11445.5,79.5,62.9,70
9/21/20,1126.5,78.5,65.9,70.6
9/22/20,1358.5,81.3,64.9,70.8
9/23/20,3947.25,83.2,63.1,71.2
9/24/20,5591.75,86.1,62.9,72.8
9/25/20,8173.5,80.4,66,71.5
9/26/20,7959,79.8,66,71.1
9/27/20,8383.25,79.5,67.9,72
9/28/20,2129.75,84.4,65.8,72.9
9/29/20,1027,91.8,65.8,75.1
9/30/20,5018.75,100.3,67.9,81
10/1/20,5460.5,97.8,69.1,82.2
10/2/20,7434.75,97.2,69.8,80.8
10/3/20,10904.75,91.3,67.9,78.2
10/4/20,8692,91.5,65.6,77.2
10/5/20,957,88,65.9,74.2
10/6/20,1187,85.7,63.1,72.2
10/7/20,4019.75,78.8,63.2,69.8
10/8/20,3584,76.5,65.9,69.7
10/9/20,7493,74.6,64.9,68.7
10/10/20,7753,74.7,65.9,69.5
10/11/20,7270.75,76.6,62.7,69
10/12/20,1239.5,88.4,63.9,74.4
10/13/20,1530.5,92.3,65.9,77.5
10/14/20,4787,91.5,65,76.7
10/15/20,6754.75,90.4,66.7,77.1
10/16/20,7436.5,90.7,65.8,75.5
10/17/20,10374,85.6,66.5,74.4
10/18/20,9619,79.6,66.8,71
10/19/20,1085.75,76.6,64.2,68.9
10/20/20,1500,77.6,64.9,68.5
10/21/20,4517.5,73.8,65.7,68
10/22/20,3824,71.6,65,68.4
10/23/20,5050.5,72.4,64.1,67.8
10/24/20,8348.79,69.9,64.2,66.7
10/25/20,5972.25,69.3,61.1,65.5
10/26/20,873.5,72,57,63.7
10/27/20,1474.25,76.7,52.1,64.3
10/28/20,4932.5,74.5,56.2,64.6
10/29/20,4866.74,81.6,56.6,67.3
10/30/20,6222,82,54.9,66.6
10/31/20,7006.79,82.1,55.9,67
11/1/20,8279.5,82.3,56.9,67.5
11/2/20,919.75,75.2,57.8,64.6
11/3/20,1120.5,76.3,59.8,64.5
11/4/20,5108,80.4,56.8,66.9
11/5/20,4180,89.6,60,73.4
11/6/20,8390.75,75.1,57.9,67.3
11/7/20,7458.5,60.9,54,57
11/8/20,6053.5,61,49.9,55.7
11/9/20,886,62.6,46.7,54.2
11/10/20,1271.25,65.6,47.7,55.7
11/11/20,6600.25,66.6,47.7,57
11/12/20,2915,69.5,48,57.7
11/13/20,7187.56,67.4,48.8,57.7
11/14/20,9368.5,66.6,51.1,59.2
11/15/20,11203.52,83.2,52.2,66.4
11/16/20,1477.5,89.9,60.9,72.1
11/17/20,1139.75,78.2,55.2,64
11/18/20,5860.75,66.4,54.9,59.6
11/19/20,4000.75,67.5,55,60.1
11/20/20,6234.5,73.5,52,61
11/21/20,7647.5,76.1,52,62.2
11/22/20,6999.5,72.4,52.1,60.7
11/23/20,921,64.6,52.7,57.1
11/24/20,1271.5,68.7,52.1,59.2
11/25/20,5382.75,65.5,49.8,57.3
11/26/20,773,68.6,51.9,58.4
11/27/20,1783.5,67.8,45.2,55.9
11/28/20,2865,73.6,48.1,59
11/29/20,3477,75.4,50.5,60.7
11/30/20,580.75,77.9,52.5,62.7
12/1/20,1119.75,78.1,48.8,61.1
12/2/20,845.75,78.5,48.7,60.7
12/3/20,883.5,73.2,47.9,59.6
12/4/20,1040.25,73.1,50.2,59.1
12/5/20,2327.75,72.6,46.1,56.8
12/6/20,2454.5,72.7,46.1,57.2
12/7/20,341.5,74.9,47,58.3
12/8/20,707.75,81.8,52.8,64.4
12/9/20,2470.64,72.9,53.9,61.6
12/10/20,639.5,64.8,50,57.4
12/11/20,711.25,62.7,51.2,56.1
12/12/20,1389,68.5,48.7,57.1
12/13/20,1711.75,69.1,50,58.9
12/14/20,361.25,65,51.9,58.5
12/15/20,580.25,68.9,47,57.1
12/16/20,3221.22,70.8,47.3,57.6
12/17/20,625.5,62.7,51,56.8
12/18/20,1067.5,65.8,49.8,56.5
12/19/20,1416.5,70.7,46.2,57.1
12/20/20,2459,79.3,48.9,62.2
12/21/20,1383.25,81.6,57.2,66
12/22/20,780,70.5,51,58.7
12/23/20,3713.22,69.8,36.6,58.8
12/24/20,390.5,65,54.9,59.4
12/25/20,0,74.2,52.3,59.8
12/26/20,1439.25,68.4,47,56.5
12/27/20,1116.25,65.5,54.5,57.7
12/28/20,101.5,56.6,43,49.2
12/29/20,864,64.8,42.1,52.4
12/30/20,2368.6,68.7,43.9,54.1
12/31/20,841,68.9,43.1,55.4
1/1/21,1890.75,68.9,45.1,56
1/2/21,2095,64.5,47.1,54.9
1/3/21,1415,62.6,51,55.6
1/4/21,396,61.8,48.8,54.7
1/5/21,536.5,62.4,49.3,54.5
1/6/21,3218.35,70.7,48.7,57.6
1/7/21,379.5,73.5,46,56.1
1/8/21,491.25,66.5,47,56.4
1/9/21,2156.5,73.8,50.1,59.7
1/10/21,1908.25,70.9,48.2,58.4
1/11/21,520.25,73.6,46.4,58.4
1/12/21,518.25,71.5,48.9,58.7
1/13/21,3779.83,74.1,48.7,59.7
1/14/21,1260,82.1,51.1,64.1
1/15/21,1619,87.6,53.7,68.3
1/16/21,4000.5,86.8,55.1,67.9
1/17/21,3515.25,84.6,54.2,67.9
1/18/21,2282.75,77.6,53.8,63.3
1/19/21,410,70.9,55.7,61.1
1/20/21,3402.85,76,54.4,64.6
1/21/21,652.5,69.8,53.4,61.2
1/22/21,352.5,62.6,52.2,56.8
1/23/21,387,54.8,47.8,50.9
1/24/21,1467.75,59.8,42.9,51.2
1/25/21,107.75,54.9,44.1,49.8
1/26/21,499.5,57.4,41,49.2
1/27/21,3411.34,60.4,49.7,53.7
1/28/21,353.25,63.8,46,54.6
1/29/21,311.5,54.1,47.7,51.3
1/30/21,8020.05,61.8,43.9,52
1/31/21,8544,70.7,48.7,58.8
2/1/21,483.75,71.2,58,62.9
2/2/21,854.5,70,54,60.5
2/3/21,5163,65.5,49.9,57.5
2/4/21,2534.25,65.4,53.7,57.8
2/5/21,7145.95,67.6,49.6,57.1
2/6/21,10705.25,71.2,47,58.3
2/7/21,3824.44,66.4,48.7,55.6
2/8/21,497.5,64.4,51.9,55.7
2/9/21,871.75,61.5,54.9,56.7
2/10/21,4676.25,61.8,52,56.2
2/11/21,2157.75,66.3,47.9,56
2/12/21,5056.2,67.5,55.7,60.1
2/13/21,7749,62.8,53.7,58.6
2/14/21,11047,70,56.8,62.6
2/15/21,2808.25,65.4,52.7,58.3
2/16/21,804.75,67.4,54,60.5
2/17/21,4304.25,70.2,43.8,60.2
2/18/21,3175.25,67.8,48.1,57.7
2/19/21,6223,69.5,47,58
2/20/21,7755,67.5,47.9,58
2/21/21,9768.71,72.8,46.3,59.3
2/22/21,984.7,80.5,48,63.7
2/23/21,1601.25,77.5,52.9,64.3
2/24/21,4673.75,73.6,52.8,61.2
2/25/21,4248.48,72.8,51.9,61.3
2/26/21,7372.23,72.4,47.9,59.7
2/27/21,10548.25,73.7,51,60.6
2/28/21,10068.75,72.7,48.9,60.5
3/1/21,905,75.2,50,61.3
3/2/21,1184.5,74.3,49.7,59.9
3/3/21,3364,57.7,49.4,52.7
3/4/21,2970.25,65.5,46.8,56
3/5/21,8065.5,76.4,47.5,61.1
3/6/21,10880.25,68.5,50.9,58.3
3/7/21,6857.5,63.6,55.6,58.4
3/8/21,870.5,64.8,53.9,59.1
3/9/21,811.5,61.7,47.8,55.2
3/10/21,4860.25,56.5,47.9,52.5
3/11/21,4925.25,56.6,45.8,51.3
3/12/21,7460.25,58.6,44.7,51.7
3/13/21,8845.69,62.4,46.6,54.5
3/14/21,5731,63.3,53.8,57
3/15/21,364,56.8,49.9,53.4
3/16/21,1062.25,60.4,44.9,52.3
3/17/21,9188.25,65.4,46,54.4
3/18/21,4663,64.8,51.2,57.2
3/19/21,9587.25,69.3,50.1,59.1
3/20/21,11824.59,65.7,55.8,60
3/21/21,10915.25,67.5,48.7,59.4
3/22/21,985.5,68.5,52.6,59.5
3/23/21,1306,70.1,47.5,60.6
3/24/21,7312.5,72.6,56,65
3/25/21,6538.77,61.7,52.9,56.5
3/26/21,9702.23,63.8,51,56.7
3/27/21,9254.5,74.5,48.8,61
3/28/21,11475,85.1,54.6,68.1
3/29/21,1409.25,78.3,54.9,64.9
3/30/21,1858,73.6,55.8,62.6
3/31/21,8987.25,87.3,53.9,70.4
4/1/21,6088,85.3,62,72.3
4/2/21,9338,73.5,56.9,63.7
4/3/21,7563.5,69.3,55.7,59.9
4/4/21,21627.47,73.4,52,62
4/5/21,1652.75,70.2,55.1,60.8
4/6/21,2341.25,68.8,54.9,61
4/7/21,8042.52,72.7,55.9,62.8
4/8/21,8292.75,71.4,56.2,62.5
4/9/21,12264,73.4,55.1,63.4
4/10/21,14300.52,74,55,63.3
4/11/21,9629.25,72.6,57.5,62.7
4/12/21,1154.75,66.7,57.7,61.5
4/13/21,944.25,61.9,57.6,59.6
4/14/21,6343,63.7,53.9,58.5
4/15/21,4033.75,66.2,50.9,58.3
4/16/21,12645,68.7,55.7,60.9
4/17/21,15199.24,69.6,54.9,61.6
4/18/21,17505.75,88.5,55.2,71.5
4/19/21,1268.25,82.9,58.9,68.6
4/20/21,1613.25,72.3,56.8,62.9
4/21/21,7185,64.5,57.7,60.8
4/22/21,7210.48,62.8,52.1,59.4
4/23/21,10802.75,64.6,57.6,60.2
4/24/21,10184.75,65.2,55.9,60.5
4/25/21,9880.25,66.4,55.9,60.1
4/26/21,1184.75,63.9,55,58.9
4/27/21,1224.75,64.8,55.8,59.9
4/28/21,7431.75,78.6,53.1,67.2
4/29/21,6435.04,86.2,58.8,71.7
4/30/21,13827.5,87.3,61.1,72.3
5/1/21,13703,74.8,58.8,65.1
5/2/21,11827.25,68.7,60.8,63.9
5/3/21,1995.5,70.6,59.9,64.8
5/4/21,1767.25,77.3,60.8,67.4
5/5/21,8779,78.1,59.9,66.3
5/6/21,5204.5,70.6,59.8,63.2
5/7/21,11699.25,68.8,59.8,62.7
5/8/21,13557.5,70.7,60.7,64.7
5/9/21,31981.75,69.8,59.9,64.4
5/10/21,1017.75,67.6,60.9,63.9
5/11/21,1405.75,70.7,61,64.6
5/12/21,6047.25,71.2,61.6,64.2
5/13/21,6312.1,65.8,60.7,62.5
5/14/21,13611.73,71.2,59.9,63.8
5/15/21,13261.25,68.8,60.9,63.7
5/16/21,8100.5,64.5,57.6,61
5/17/21,1099,67.5,60,62.7
5/18/21,1759.75,70.6,59.1,64.5
5/19/21,9531.25,72.4,60.8,64.9
5/20/21,7576.27,69.5,58.9,64
5/21/21,12573.5,73.5,56.7,63
5/22/21,15995,69.2,53.8,60.5
5/23/21,13266.25,69.4,54.9,62.4
5/24/21,2047.25,81.9,56,70.1
5/25/21,2411.25,81.6,61.9,72.3
5/26/21,9911.75,77.3,62.7,68.3
5/27/21,8842.42,72.2,60,65.4
5/28/21,19570.25,71.5,58.8,64.5
5/29/21,15233,69.6,60,63.2
5/30/21,13350.75,72.2,60.7,64.7
5/31/21,12419.55,72.6,57.1,65.1
6/1/21,1230.25,73.3,60.9,65.4
6/2/21,6552.75,72.1,59.8,64.5
6/3/21,8504.29,74.3,61.6,67
6/4/21,13176.06,76.2,60.9,67.5
6/5/21,16029.75,75,61.8,66.8
6/6/21,16130.48,72.6,61.9,66
6/7/21,904.25,69.3,61.8,64.1
6/8/21,1409.75,71.7,61.8,66.2
6/9/21,10597.25,73.9,60.9,66.6
6/10/21,11289.02,73.8,58.7,67.1
6/11/21,17689.26,79,59,68.9
6/12/21,19410.25,80.4,60.9,70.9
6/13/21,17451.5,81.2,61.9,70.1
6/14/21,3282.75,83.2,62.9,73.1
6/15/21,3759,89.3,65.8,76.4
6/16/21,10842.25,86.2,67.7,75.6
6/17/21,9597.29,83.1,66.4,72.4
6/18/21,15593,80,66.3,70.4
6/19/21,16183,76.3,64.1,69.4
6/20/21,20466.5,76.1,62.7,67.6
6/21/21,2361.75,79,63.9,68.9
6/22/21,3469.25,74.6,61.8,68.2
6/23/21,10841.75,78.2,62.8,69.1
6/24/21,10728.79,72.8,61.9,66.8
6/25/21,16555.75,75.4,61.9,69.1
6/26/21,17641.73,78.9,62.7,70.3
6/27/21,14575.23,79.5,64.8,71.5
6/28/21,2490.25,78.3,66.5,72.1
6/29/21,2223.25,79.3,66.6,71.5
6/30/21,9599,79.4,65.7,71.1
7/1/21,12435.25,80.5,66.7,72.2
7/2/21,15969.7,81.1,64,70
7/3/21,28121.5,80.1,64,70.6
7/4/21,15359.36,79.1,64.1,70
7/5/21,6447.25,79,62,68.5
7/6/21,2540,79.4,63.9,70.3
7/7/21,10978.5,78.4,64.9,71.3
7/8/21,9764.25,80.4,67.7,73.8
7/9/21,17605.75,83.4,68.9,75.7
7/10/21,20050.25,83.3,69,74.7
7/11/21,17732.25,83,67.8,74.8
7/12/21,2432.5,81.4,68.9,73.6
7/13/21,2210.5,81.6,69,72.9
7/14/21,8346.77,83.3,66.9,74.4
7/15/21,14563.25,82.6,67.8,74.1
7/16/21,16012.24,80.3,66.7,72.7
7/17/21,4823,82.9,65.9,72.8
7/18/21,18321.75,86.2,66.8,75.2
7/19/21,2233.5,86.2,69.1,76.2
7/20/21,2890.5,83.9,67.9,75.1
7/21/21,9838,88.2,67.8,75.7
7/22/21,8495.5,85.3,69.8,75.9
7/23/21,16234.75,82.3,66.9,73.9
7/24/21,17668.25,79.5,67.7,72.1
7/25/21,16690.25,79.4,66.7,71.6
7/26/21,1977.75,75.4,66.4,69.8
7/27/21,3756,77.6,65.7,70.3
7/28/21,8889,80.4,65,72.4
7/29/21,9022,79.9,65,71.6
7/30/21,15487.87,79.5,64,70.1
7/31/21,16469.07,77.7,64,69.8
8/1/21,18208.29,83.7,64.2,73.2
8/2/21,2610.75,90,64.3,75
8/3/21,3081,86.9,65,73.8
8/4/21,10145,82.3,65.8,73.2
8/5/21,14576.25,83,66.7,74.5
8/6/21,16998.25,81,66.7,72.8
8/7/21,4404,80,66.6,71.7
8/8/21,17573.75,79.6,66.6,71.8
8/9/21,2452.75,82.3,65.8,72.6
8/10/21,3728.75,82.8,64.1,72.3
8/11/21,10919,86.1,66.7,74.6
8/12/21,12423.5,90.1,69.8,78.2
8/13/21,14674.25,87.1,68.4,76.1
8/14/21,15885,85,67.9,74.3
8/15/21,20385.75,88.2,66.8,75.2
8/16/21,2955.5,86.6,69,75.7
8/17/21,3080,84.2,69.9,74.9
8/18/21,9755,77.6,69.1,72.8
8/19/21,12106,78.6,66.8,72.1
8/20/21,13259,76.9,66,70.3
8/21/21,14865.5,74.8,65,68.8
8/22/21,17428.5,74.1,64.4,68.5
8/23/21,2620,76.6,63.1,68.7
8/24/21,3145.75,76.8,62.2,68.8
8/25/21,9701.47,81.5,63.1,70.9
8/26/21,11161.48,88.9,65.3,74.3
8/27/21,12849.25,84.4,62.4,72.3
8/28/21,16342,80.5,61.3,69.1
8/29/21,14507.25,77.7,61.3,68.5
8/30/21,2041.75,79.3,63.3,69.2
8/31/21,2858,74.4,65.1,68.2
9/1/21,8590.53,75.5,66.1,70
9/2/21,8414.76,75,63.2,68.6
9/3/21,14413,76.4,63,68
9/4/21,23531.8,86.6,61.2,73
9/5/21,27815.62,92.1,63.1,75.4
9/6/21,18703.75,85.7,68.2,74.3
9/7/21,3994.25,83.4,68.2,73.6
9/8/21,5966.25,81.8,65.1,70.6
9/9/21,9303.29,87.4,64.2,73
9/10/21,11958.75,82.3,65.2,72.5
9/11/21,20732.5,90.3,67,74.9
9/12/21,21628.44,82.2,63.2,70.9
9/13/21,2701,78.4,59.2,66.7
9/14/21,1576.25,77.8,58.1,66.2
9/15/21,7233,77.2,61.2,66.3
9/16/21,11967.25,72.7,61.1,65.2
9/17/21,14203.75,74.7,60.3,65.7
9/18/21,14329,73,59.3,64.8
9/19/21,17801.75,75.3,60.1,66.1
9/20/21,1330.75,83.4,62.1,70.3
9/21/21,3437,92.1,64.3,75.6
9/22/21,7865.75,86.3,66.9,75.2
9/23/21,7645.5,78.5,62.4,68.7
9/24/21,15799.75,74.4,60.3,66.1
9/25/21,14471.25,73.5,61.2,66.2
9/26/21,10806.75,67.9,63,64.5
9/27/21,1728.75,67.9,63.1,64.8
9/28/21,1366.5,71,63,66
9/29/21,7627,73.1,59.3,66
9/30/21,7879.25,84.6,58.1,70.7
10/1/21,14814.8,88.7,60.3,72.1
10/2/21,19411,89.3,58,73.5
10/3/21,16381.5,91.8,61.2,75.2
10/4/21,1769,85.5,65.9,72.9
10/5/21,1838.75,79.7,65.1,70.9
10/6/21,7207.75,71.9,63.1,66.1
10/7/21,5900.5,69.8,64.1,66.1
10/8/21,10653.23,68.1,61.4,64.6
10/9/21,12548.75,70.9,56.1,63.7
10/10/21,18335.75,77.8,55.3,65.6
10/11/21,2103.25,70.9,57.1,64.4
10/12/21,1781.75,70,58,62.7
10/13/21,7537.5,72.8,51.4,61.4
10/14/21,7799.75,74.8,53.2,63.6
10/15/21,14245,86.9,56.2,70.1
10/16/21,20163.5,86.2,58.2,71.5
10/17/21,12484.98,73.7,55.3,63.4
10/18/21,1917,65.8,58.1,61.5
10/19/21,1894.25,69,53,60.2
10/20/21,8465,69.9,53.3,61.1
10/21/21,8561.75,75.4,53.2,62.5
10/22/21,14604.04,66.5,57,61.4
10/23/21,11600,67.9,60.2,63
10/24/21,12334,70.8,59.1,62.9
10/25/21,606.75,61.1,54.3,58.7
10/26/21,2415.5,67.8,51.2,59.3
10/27/21,8916.47,80.3,53.3,65.3
10/28/21,8845.5,87.6,58.3,71
10/29/21,14725.99,83.6,61.3,69.9
10/30/21,13224.01,70.6,58.1,62.2
10/31/21,9103,67.6,59.1,61.9
11/1/21,1190.25,65,56,59.8
11/2/21,2423.75,66.7,54.1,59
11/3/21,8088.75,70,56.2,61.2
11/4/21,9762.5,69.8,57.8,62.2
11/5/21,8405.5,71.6,56.3,60.9
11/6/21,10302.5,65.8,56.2,59.5
11/7/21,11208.75,64.9,55.3,57.8
11/8/21,1596.5,68.9,55.3,60.2
11/9/21,1675,66,56.3,60.5
11/10/21,8891.5,72.8,58.9,63.6
11/11/21,11776,84.9,56.3,69.8
11/12/21,13525.04,89.1,59.6,73.1
11/13/21,21789.5,88.9,62.5,73.7
11/14/21,16598.75,87.3,57.4,70.2
11/15/21,2974,79.4,56.4,64.9
11/16/21,1227.5,65.8,56.2,59.5
11/17/21,11565.76,67.7,56.2,59.9
11/18/21,9474.75,65,52.3,58.2
11/19/21,13163.04,65.9,56.9,59
11/20/21,12184.25,64.9,56.3,58.8
11/21/21,16721.25,84.3,51.6,65.9
11/22/21,3214.5,82.4,54.8,68
11/23/21,2667.75,73.8,57.2,64.2
11/24/21,9987.75,71.1,53.3,62
11/25/21,46108.5,75.9,48.7,61.4
11/26/21,17571,75.1,47.9,60.2
11/27/21,18825.25,76.7,50,62.1
11/28/21,5512,74.9,49.1,60.8
11/29/21,1382.5,75.5,50.5,61.3
11/30/21,2454.25,67.6,49.4,57.7
12/1/21,7950,70.9,49.5,57.3
12/2/21,7924,62,52.3,55.5
12/3/21,8578.75,62.8,54.2,56.7
12/4/21,11385.5,62.9,54.4,57.2
12/5/21,12829.48,64,52.5,56.1
12/6/21,1418.5,65.9,48.1,56.9
12/7/21,1556.75,63.2,55.4,59.3
12/8/21,7162.25,65.2,51.3,57.7
12/9/21,4786.75,59,53.5,56.6
12/10/21,11630.02,61.2,47.1,54.4
12/11/21,10387.5,66.1,47.1,54.9
12/12/21,18731,63.1,44.2,53.4
12/13/21,1037,58.1,47.5,54
12/14/21,1282.75,58,43.5,52
12/15/21,11310.25,56.7,39.2,47.3
12/16/21,4643.5,57.5,41.4,49.6
12/17/21,10884.36,65.9,46.4,54.2
12/18/21,12844.5,67.8,43.5,54.1
12/19/21,15623.32,64,42.3,53.3
12/20/21,2309,64.7,41.3,52.4
12/21/21,2351.5,68.1,51.4,56.8
12/22/21,9568.75,64.2,46,56.5
12/23/21,4355.5,57.2,52.5,54.5
12/24/21,42403.75,60.2,42.3,55.3
12/25/21,0,56.1,50.2,52.8
12/26/21,13582.75,57.1,44.8,51.3
12/27/21,1609,54.1,43.3,49.4
12/28/21,3313.5,55.1,43.7,49.1
12/29/21,4335.5,52.9,46.2,49.7
12/30/21,4217.25,54.3,51.3,53
12/31/21,16643.75,58.9,46.4,52.8
1/1/22,7877.75,61.1,47,52.5
1/2/22,12928.25,64,44,52.1
1/3/22,1538,61.1,43.2,51.5
1/4/22,1699.75,62.1,43.2,51
1/5/22,1480,66.8,44.5,54.4
1/6/22,1454,70.9,46.4,56.1
1/7/22,1483.5,56.2,48.9,52.7
1/8/22,5032,62.1,49.1,55.5
1/9/22,7254.25,73.4,46.9,57.7
1/10/22,678.25,72.3,52.4,60.7
1/11/22,2069.75,78.3,50.8,62.2
1/12/22,1470.25,76.1,47.6,60.7
1/13/22,1360.5,69.2,57.1,61.8
1/14/22,2622,73.2,51.9,61.1
1/15/22,11083.5,68.3,54.4,60.4
1/16/22,15825.85,74.2,60,65.5
1/17/22,3164.5,64.1,57.3,60.5
1/18/22,1629.5,64.9,56.1,59.4
1/19/22,11192.25,63,53.2,57.1
1/20/22,9593.5,74.1,47.5,59.2
1/21/22,14602.02,68.8,47.1,59.8
1/22/22,18626.71,72,52,63.3
1/23/22,26535,72.2,50.4,60.7
1/24/22,1993.25,69.4,47.3,58.4
1/25/22,2052.25,66.6,47.7,56.2
1/26/22,9274.31,70.2,45.2,56.9
1/27/22,8595.04,69.6,48,57.6
1/28/22,15751.76,72.2,46.6,59.4
1/29/22,16714.21,67.2,52.5,59
1/30/22,18583.45,69.1,25.7,54.6
1/31/22,1904,63,38.4,53.9
2/1/22,4339,62.9,52.2,56.1
2/2/22,6185.75,65,45.4,55.5
2/3/22,9670.5,64.5,42.5,54.1
2/4/22,14631.5,68.7,44.7,55.9
2/5/22,21048,70.3,44,56.8
2/6/22,28157.75,73.6,44.9,58.5
2/7/22,2190.25,76.8,47.6,61.9
2/8/22,3691,77.7,52.4,64.2
2/9/22,12544.02,82.9,52.1,66.9
2/10/22,10699.6,82.2,57.4,69
2/11/22,20770.25,80.4,54.8,66.3
2/12/22,26482.26,85.6,52.7,68
2/13/22,8364,82.6,56.5,68.6
2/14/22,2560.5,73.9,51.9,60.8
2/15/22,1612.5,59.2,51.8,55.6
2/16/22,8296.98,63.2,47.2,54.8
2/17/22,10347.75,69.5,48.3,58.4
2/18/22,16309.75,70.5,48.3,58.9
2/19/22,19706.49,72.3,48.6,59.7
2/20/22,22075.35,64.1,49.3,55.5
2/21/22,4823,58.5,52.3,55.4
2/22/22,1468.5,58.2,49.7,53.7
2/23/22,10356.5,54.6,44.8,49.7
2/24/22,6003.75,60.4,39.2,49.5
2/25/22,12829.75,62.2,42.6,52.1
2/26/22,21424.25,67.3,43,55.1
2/27/22,22775.4,73.5,48.3,59.5
2/28/22,3127.25,80.2,48.5,64
3/1/22,3527,81.1,50.7,65
3/2/22,9907,79.6,51.8,64.1
3/3/22,10400.24,66.2,50.8,58.6
3/4/22,11007.98,61.5,52.8,57.2
3/5/22,14340.5,58.2,49.4,53.1
3/6/22,20491.26,61.3,44.2,52.4
3/7/22,2420.5,67.8,44.7,55.5
3/8/22,2248.75,68.5,47.4,57.4
3/9/22,7913,66.7,48,57.2
3/10/22,8397.28,64.8,53.9,58.5
3/11/22,19723.43,70.4,48.1,59.8
3/12/22,22184.75,75,51,61.9
3/13/22,20512.1,67.8,52.1,59
3/14/22,1778.25,70.1,54.5,60.7
3/15/22,2961,71.5,53.5,61.5
3/16/22,10917,78.2,55.5,65.6
3/17/22,12349.25,78.4,54.1,66.3
3/18/22,19403.76,75.2,54.3,63.9
3/19/22,16945.75,66.6,56.3,59.5
3/20/22,19360.25,72.3,53.8,63
3/21/22,3073.75,72.6,55.2,63
3/22/22,4486.5,82.3,54.5,67.7
3/23/22,13354,84.2,58.7,70.9
3/24/22,10523,77.7,57.5,65.7
3/25/22,16351.25,75.1,52.6,61.9
3/26/22,20140.25,70.7,53.1,59.1
3/27/22,16344.4,66.7,55.7,59.5
3/28/22,926.75,60.6,53.7,56.7
3/29/22,3634,64.3,50.7,57.6
3/30/22,11961.04,65.9,54.7,59.2
3/31/22,10308.75,62.3,56.6,59
4/1/22,16353.56,66.5,52.7,59.3
4/2/22,12687.75,64.1,55,59
4/3/22,18143.41,65.3,56.5,59.9
4/4/22,2539.75,66,54.5,59.5
4/5/22,3224.5,77.2,56.1,65.2
4/6/22,10977.5,85.2,57.9,70.8
4/7/22,13224.23,94.5,61.6,77.1
4/8/22,22081,95.5,66,80
4/9/22,21477,80.2,62.3,70.4
4/10/22,24892.4,68.3,59.5,63.3
4/11/22,2331.75,65.6,57.7,61
4/12/22,2988,66.6,51.5,59.6
4/13/22,12158.75,66.5,52.8,59.7
4/14/22,11878.46,67,51.6,59.4
4/15/22,18820.75,67.9,54.1,59.9
4/16/22,15764.5,65.9,54.5,59.8
4/17/22,67016.75,66.4,53.5,60
4/18/22,2550.75,72.2,54.6,62.5
4/19/22,3329.75,69.7,57.3,62
4/20/22,8644.25,66.7,56.4,61
4/21/22,11025.5,65.7,53.2,59.3
4/22/22,15247.23,64.2,54.3,58.9
4/23/22,19948.25,70.3,53.4,62.2
4/24/22,28475.9,83.5,56.8,70.3
4/25/22,3453,87.1,60.8,72.3
4/26/22,2998.25,79.1,59.5,66.7
4/27/22,8665.25,70.2,56.5,62.6
4/28/22,8265.75,66.1,56.7,60.6
4/29/22,14840.78,68.2,53.6,60.7
4/30/22,18955,71.9,55.6,63.3
5/1/22,17375.8,70.6,58.1,63
5/2/22,2252.25,68.4,58.5,62.7
5/3/22,2714.5,68,58.4,62.8
5/4/22,9819.27,74,57.9,64.4
5/5/22,9816.25,72.3,56.3,62.6
5/6/22,14891,74,56.5,64.8
5/7/22,18068.98,72.2,60.4,65
5/8/22,62431.98,65.9,57.3,61.8
5/9/22,1686.25,67.7,54.4,60.2
5/10/22,1995.5,67.9,52.4,59.1
5/11/22,9640,67.4,51.7,60
5/12/22,16599,77.6,54.3,66
5/13/22,20690.26,85.8,58.4,71.1
5/14/22,24602.75,85.9,61.5,74.1
5/15/22,24087.5,81.3,60.6,68.1
5/16/22,2824,69.2,59.5,64
5/17/22,2450.25,69.3,58.3,62.4
5/18/22,9993.25,69.5,58.4,62.9
5/19/22,8269.25,66.8,59.6,61.9
5/20/22,12150.26,66.3,58.3,61.7
5/21/22,14939.9,68.4,60.5,63.6
5/22/22,17272.25,67.8,55.9,61.6
5/23/22,2553,68.4,56.5,61.4
5/24/22,1465.75,70.6,59.8,64.3
5/25/22,11887.73,72.2,59.7,65.5
5/26/22,10066.25,72.7,60.7,65.1
5/27/22,21415.5,70.3,60.6,64
5/28/22,20161.5,68.1,59.6,62.7
5/29/22,32235.96,71.2,57.7,64.3
5/30/22,25377.95,71.4,59.7,65.1
5/31/22,2783.5,73.3,57.4,65.6
6/1/22,9850.25,79,58.8,67.6
6/2/22,1464,76,60.8,66.5
6/3/22,20724.5,71.4,60.8,64.8
6/4/22,18008.5,69.2,61.5,64.7
6/5/22,20592.65,74.2,60.8,67
6/6/22,3925.5,75,63.4,68.7
6/7/22,3180,75.4,63.3,68.1
6/8/22,14079,74.1,64.3,67.5
6/9/22,10780,78.2,63.2,68.6
6/10/22,24401.25,78.8,63.6,69.9
6/11/22,18653.75,77.2,63.3,69
6/12/22,24065.5,77.4,62.6,68.3
6/13/22,4365.5,76.2,64.4,68.7
6/14/22,4300.25,76,63.3,69.1
6/15/22,14324.21,78.4,63.3,69
6/16/22,12174,79.2,64.5,68.9
6/17/22,16460,73.7,63.3,67.3
6/18/22,17617.25,74.1,59.6,66.4
6/19/22,27912.25,75.2,60.5,68
6/20/22,9572,87.3,60.7,74.1
6/21/22,4925.25,83.8,65.5,72.6
6/22/22,12777.72,79.5,62.8,69.5
6/23/22,14525.48,79.5,63.6,70.3
6/24/22,17735,80.7,61.8,69.1
6/25/22,18972.75,80.1,60.7,68.9
6/26/22,14906,80,61.8,70.4
6/27/22,3611.5,83.5,62.8,72.2
6/28/22,5186.5,86.4,64.7,73.6
6/29/22,12374.75,86.2,64.8,73
6/30/22,15930.5,82.4,63.4,71.5
7/1/22,19265.72,80,63.6,70
7/2/22,21201.76,77.9,62.7,69
7/3/22,26121.28,74.8,61.8,67.7
7/4/22,10050.5,75.5,61.5,67.5
7/5/22,3256.5,76.8,61.9,68.6
7/6/22,10125.23,76.5,63.6,68.9
7/7/22,12007.5,80.2,62.8,70.4
7/8/22,16746.75,79.1,62.7,69.2
7/9/22,19292.5,77.2,62.5,68.9
7/10/22,26348.42,81,63.6,71.2
7/11/22,3625.5,76.8,61.9,67.9
7/12/22,3452.25,75.4,61.6,67.1
7/13/22,11926,73.9,61.5,66.3
7/14/22,15370.5,75.5,62.7,68.6
7/15/22,18966.12,77.2,63.6,69.6
7/16/22,6591.5,78.7,63.4,70.8
7/17/22,24811.15,87.3,63.7,72.5
7/18/22,4620,84.9,67.7,74
7/19/22,7063.5,82.6,65.5,73.1
7/20/22,12032.77,83.7,65.7,73.2
7/21/22,12432.25,82.8,65,72.2
7/22/22,22814.25,81.5,63.6,70.9
7/23/22,18013.23,79.5,66.6,70.9
7/24/22,20360.19,82.3,65,70.2
7/25/22,4790.75,79.3,63.8,70.4
7/26/22,4544.75,77.7,63.7,69.1
7/27/22,12974,79.1,62.7,68.9
7/28/22,15161.75,81.6,63.6,70.5
7/29/22,18555.5,82.3,65.5,72.4
7/30/22,20808.25,79.8,66.8,72.1
7/31/22,6637.15,84.3,69.7,75.6
8/1/22,3837.5,83,68.4,73.9
8/2/22,5968,79.8,66,71.8
8/3/22,13317.05,80.4,65.8,72
8/4/22,16568.28,80.7,66.5,72
8/5/22,21627.5,82.4,67.6,73.1
8/6/22,6566.5,84.3,65.5,73.6
8/7/22,23921.75,89.7,63.9,75.2
8/8/22,4465.25,86.5,68.9,76.6
8/9/22,5796.5,90.4,72.4,79.4
8/10/22,14945.25,89.8,69.9,78.2
8/11/22,12840,86.4,68.9,76
8/12/22,18295.75,85.4,66.2,74.9
8/13/22,23219.75,87.9,67.6,76.8
8/14/22,27687.4,87.4,68.8,75.8
8/15/22,5450.5,84,66.3,74.3
8/16/22,5544.25,83.6,66.2,74.1
8/17/22,13509.5,81.8,65.9,72.8
8/18/22,13943.84,77.6,63,68.9
8/19/22,17811.75,80.6,62.8,70.5
8/20/22,18831.25,81.9,67,72.4
8/21/22,21975.75,79.1,67.6,71.8
8/22/22,3774.75,77,65,69
8/23/22,5449.75,80.5,63.8,70.8
8/24/22,12349.25,84.1,66.9,74.5
8/25/22,16944.1,85.5,67.8,75
8/26/22,18435.75,83.1,65.3,71.4
8/27/22,16764.5,80.4,65.9,71.7
8/28/22,13419.95,79,66.1,71.3
8/29/22,3649,78.6,64.8,70.3
8/30/22,8364,82.8,65.1,73.8
8/31/22,10059.5,89,69,79.5
9/1/22,11441.27,94.2,74.5,83
9/2/22,22526.71,93.2,72.7,82
9/3/22,19704.05,95.9,75.3,83.5
9/4/22,23868.15,100.9,79,87.7
9/5/22,20905.75,94.4,76.4,83.5
9/6/22,3049,92.8,74.5,81.2
9/7/22,7495.25,95.7,72.8,81.2
9/8/22,7120.5,96.6,73.9,82.9
9/9/22,12555.25,98,71.3,85.7
9/10/22,13747.5,79.7,70.5,75.4
9/11/22,18560.94,86.1,75.2,79.1
9/12/22,2877.75,84,72.6,76.9
9/13/22,3120.75,81.8,69.8,74.6
9/14/22,8147.5,79.9,68.6,72.8
9/15/22,8800.25,78.9,66.7,71.5
9/16/22,16807,79,65.5,71.3
9/17/22,12771.5,76.8,66.3,70.3
9/18/22,19838,74.5,66,69.9
9/19/22,2388,77.1,63.4,69.7
9/20/22,2668,79.1,64.7,71.2
9/21/22,9464.25,78.9,62.5,70.5
9/22/22,8630,83.5,61.8,72.1
9/23/22,20327.31,84.7,61.4,73.4
9/24/22,18663.25,85.4,67.1,75
9/25/22,20038.96,83.6,66.9,74.2
9/26/22,4755,85.7,66.9,74.4
9/27/22,2319.5,87.6,67,75.5
9/28/22,9712.25,87.7,67.8,76
9/29/22,10091.25,79.3,65.9,71.7
9/30/22,15623.27,78,66.5,70.4
10/1/22,15015.5,74.2,65.6,68.7
10/2/22,18107.95,76.1,65,69
10/3/22,2435.5,75.8,62.8,68.7
10/4/22,3372.25,80.5,63.6,70.6
10/5/22,9169.66,78,66.1,70.1
10/6/22,7584.5,77,66.6,69.6
10/7/22,14859.5,78.6,66.3,70.6
10/8/22,13172,78.5,64.8,69.7
10/9/22,21359.7,76.6,63.8,68.7
10/10/22,3528,75,62.9,67.5
10/11/22,2532.75,75.6,65.4,69
10/12/22,8130.5,77.5,66,68.8
10/13/22,5950.75,72.7,65.4,67.5
10/14/22,9580.77,69.5,65.4,66.5
10/15/22,10712,70.4,63.2,66.1
10/16/22,17796.98,71.3,62.4,66.4
10/17/22,2825.25,76.7,59.7,66.9
10/18/22,2995.75,85.6,61.2,72
10/19/22,15763.25,92.8,65.2,78.1
10/20/22,11090.25,87.1,69.1,75.9
10/21/22,16248.25,77.1,65.2,69.1
10/22/22,14502,69.1,63.1,66
10/23/22,16077.65,71.2,57.7,63.7
10/24/22,1809,74.1,54.6,64.1
10/25/22,2523.75,75.3,54,64.3
10/26/22,7482.5,71.9,56,62.9
10/27/22,7711.25,74.3,56.1,63.6
10/28/22,15182.75,73.7,55,63.6
10/29/22,13091.94,74.2,53.8,63.5
10/30/22,15965,77.9,54.9,65.4
10/31/22,1499,74.7,54.1,64.4
11/1/22,2477.5,70.1,60.8,64.7
11/2/22,8090.25,66.5,57.1,60.9
11/3/22,9027.25,63.8,51.2,57.1
11/4/22,14993.5,67,48.5,57.5
11/5/22,12722,68.4,49.4,58.3
11/6/22,16482.17,68.3,51.7,59.4
11/7/22,1072.25,63.3,55.9,59.6
11/8/22,1012,66,52.8,58.5
11/9/22,8291.72,63.8,52.1,56.3
11/10/22,8660.5,68.7,46.4,56.9
11/11/22,13713.28,70.4,48.9,58.9
11/12/22,14322.01,69,49.3,58.2
11/13/22,13632.25,69.9,49.1,58.8
11/14/22,2439.75,69.3,48.4,58.3
11/15/22,2669.75,71.9,48.9,59.3
11/16/22,8914.5,74.6,48.9,60.8
11/17/22,9679,74.8,48.8,60.4
11/18/22,15146.75,69.6,48.3,58.1
11/19/22,17307.5,75.1,48.5,60.9
11/20/22,16298.71,78.2,51.5,63
11/21/22,4511,75.3,54.3,62.8
11/22/22,4121.25,74.2,53.2,61.3
11/23/22,12851.25,72.3,47.5,58.8
11/24/22,58073.3,76.9,48.4,61
11/25/22,19503.71,74.8,48.4,61
11/26/22,14780.75,70.5,47.5,58.6
11/27/22,10095,69.6,48.2,58.6
11/28/22,2000.75,64.4,56.7,59.5
11/29/22,2405.75,65,53.2,58.5
11/30/22,5915,63.8,50.5,57.4
12/1/22,9255.75,59.9,56.1,57.4
12/2/22,9937.05,61.2,52.9,56.7
12/3/22,10526.46,70.3,53,60.2
12/4/22,14029.5,64,54.4,59.5
12/5/22,1970.25,62.7,54.5,58.3
12/6/22,2468,61.9,51.6,56.2
12/7/22,8148,61.5,47.3,53.8
12/8/22,10933.98,62.4,45.8,53.1
12/9/22,12492.5,62.5,45,53
12/10/22,10162.25,62.7,46.5,55.9
12/11/22,12349.5,59.9,48.7,55.8
12/12/22,1873,55.4,45.6,49.8
12/13/22,2259.75,59.9,44.2,51.4
12/14/22,11027.09,62.2,44.3,51.8
12/15/22,10884.5,62.4,45.2,54.2
12/16/22,16564.31,68.9,49.1,57.4
12/17/22,12405.71,66,47.9,55.5
12/18/22,10880.25,64.9,46.4,54.1
12/19/22,3249.5,65.2,43.7,53.1
12/20/22,3355,66.2,47.7,55.5
12/21/22,10910,70.3,44.8,56.7
12/22/22,12315.8,69.8,48.1,57.8
12/23/22,12422.25,68.5,47.6,57
12/24/22,6215.75,76,48,59.9
12/25/22,0,82.2,56.9,65.9
12/26/22,9095.25,79,56.3,65.5
12/27/22,2237.25,64.8,55.1,59.1
12/28/22,10472.73,63.8,52.4,57.8
12/29/22,9004,60.7,56.8,58
12/30/22,10510.5,60.2,56.7,58
12/31/22,5471.25,60.2,56.9,58.4
1/1/23,7340,61.7,51,56.2
1/2/23,3344.5,57.7,48.6,53.5
1/3/23,1541.25,58.8,50.1,55.2
1/4/23,1088.25,61.5,57,59.1
1/5/23,1527.75,63,52.5,57.6
1/6/23,2530.25,63.9,46.4,54
1/7/23,4430.25,68,50.5,57.4
1/8/23,4931.5,64.8,48.4,57.4
1/9/23,877.25,60,53.7,56.5
1/10/23,1056.75,61.5,53.4,57.6
1/11/23,2200.5,62.5,48.1,54.4
1/12/23,2472.25,71.7,51.4,60.6
1/13/23,2681.25,66.1,52,58.3
1/14/23,8768,57.3,52.2,54.4
1/15/23,11428.75,60.1,52,55.2
1/16/23,3674.75,60,51,54.8
1/17/23,2363.5,60,43.9,52.6
1/18/23,7578.54,61,44.3,52.2
1/19/23,11875.75,59,43.7,51.8
1/20/23,12145.25,61.5,44.2,52.1
1/21/23,13385.5,63,42.3,52.2
1/22/23,17676,62.6,42.2,52
1/23/23,2197.25,66.4,48.8,56.9
1/24/23,2647.75,65.8,43.2,53.9
1/25/23,9267.76,71.1,44.2,56.4
1/26/23,9341.75,69.9,46.7,57.6
1/27/23,14789.74,68.5,46.7,56.2
1/28/23,18264,64.2,48.7,56.1
1/29/23,17198,58.4,50.5,54.6
1/30/23,1920.25,59.7,48.8,52.9
1/31/23,2439.25,66.8,44.2,54.5
2/1/23,9547,66.8,41.6,54
2/2/23,9109.96,69.3,44.6,56.1
2/3/23,14789.02,70.3,50.7,59
2/4/23,20092,70.4,47.1,57.9
2/5/23,18547.5,64.8,53.2,57.8
2/6/23,2595,71.2,52.4,60.2
2/7/23,3069.5,68.7,46.6,58.3
2/8/23,10198.25,72.4,47.9,59.2
2/9/23,10953.5,79.5,49.3,63.3
2/10/23,16990,76.1,53.3,63.4
2/11/23,12988.5,60.1,51.5,55.8
2/12/23,2724.75,59.7,46.1,52.6
2/13/23,2280,62.1,49.1,55.9
2/14/23,3035.25,59.7,50,55.5
2/15/23,7180.5,62.4,45.1,52.9
2/16/23,3954.75,63,41.6,52.6
2/17/23,13360.25,66.8,46.6,55.9
2/18/23,14493.5,67.8,48.7,56.8
2/19/23,25989.49,67.4,46.4,56.1
2/20/23,9316.25,72.4,49.8,59.5
2/21/23,2859,64.6,50.3,57.3
2/22/23,5709.5,56.1,46.6,51.1
2/23/23,4439,53.1,46.1,48.4
2/24/23,6352.75,55.4,46.2,51.2
2/25/23,8690.65,51.3,44.8,47
2/26/23,15573.53,55.1,40.3,48.2
2/27/23,1307,52.3,47.2,50
2/28/23,1969.25,57.5,46.2,52.1
3/1/23,7697.5,55.4,49.1,51.7
3/2/23,10742.25,61.8,44.1,53.2
3/3/23,14194.24,61.6,44.1,52.6
3/4/23,13891,59.7,46.1,53
3/5/23,12356.75,58.5,49.2,53.5
3/6/23,2956.5,60.4,48.8,54.3
3/7/23,1483.25,61.3,46.8,53.6
3/8/23,8275.75,60,47.7,53.6
3/9/23,10115.25,66.3,48.1,57.3
3/10/23,7816.25,57,52.1,55.4
3/11/23,12846,63.8,57,59.6
3/12/23,14842.87,63.8,55.5,58.6
3/13/23,2599.5,66,55.4,58.6
3/14/23,1779.75,59.3,55.9,57.6
3/15/23,8065.5,61.6,55.8,57.9
3/16/23,10361,60.9,53.4,56.6
3/17/23,19233.98,65.7,48.1,56.8
3/18/23,17275.25,76.2,51.4,63
3/19/23,17654.96,63.6,54.1,59.4
3/20/23,2156.75,61.1,54.1,57.3
3/21/23,1356.25,60.2,48.9,53.6
3/22/23,8013.75,58.5,48.7,52.4
3/23/23,11449.23,60.8,51.2,55.6
3/24/23,18028.5,65.7,53.5,59
3/25/23,19537.96,64,48.8,56.9
3/26/23,20123.5,65.9,51.5,58.7
3/27/23,4068.5,72.5,47.7,60
3/28/23,4661,70,52.3,60.2
3/29/23,5633.5,59.7,49,54.1
3/30/23,8946,59.2,47,51.9
3/31/23,13656,63.5,45.9,54.9
4/1/23,21087.35,69.4,48.1,58.6
4/2/23,17316.75,66.8,52.1,58.5
4/3/23,3261.5,64.1,53.6,57.5
4/4/23,3946.75,61.6,49.1,55.8
4/5/23,8567.75,67,47.8,58.1
4/6/23,10728.5,72.7,52.2,61.8
4/7/23,17515.02,70.7,55.6,61.4
4/8/23,20535.75,68.8,53.7,59.8
4/9/23,10159.5,70.2,54.7,60.9
4/10/23,3175.75,73.4,54.1,60.3
4/11/23,2339,67.7,54.9,59.2
4/12/23,9972.92,61.5,55.8,58
4/13/23,10263.75,59.6,53.9,56.3
4/14/23,13707.4,64.6,53.7,57.8
4/15/23,22689.24,69.1,51.2,59.4
4/16/23,20722.05,64,52.8,57.8
4/17/23,1892.75,64.8,55.2,58.8
4/18/23,3831.25,65.4,56.2,59.6
4/19/23,13051.07,69.7,52.5,60.6
4/20/23,11297.63,80.5,53.2,66.6
4/21/23,22160,86.4,59.7,73.3
4/22/23,26581.75,83.1,62.4,71.4
4/23/23,25441,73.6,59.6,65
4/24/23,2762,69.6,59.1,63.1
4/25/23,2896.25,69.2,59.8,63.2
4/26/23,10621.25,71.8,57.1,62.3
4/27/23,15722.68,70.1,56.1,61.1
4/28/23,8074.5,67.9,55.8,60.6
4/29/23,12037.82,72.3,56.5,61.1
4/30/23,16680.46,66.7,57.7,60.7
5/1/23,2295,65.2,56.7,60
5/2/23,2707.5,64.3,53.3,58.3
5/3/23,8976.5,64.4,50.3,57.9
5/4/23,11074.22,64.4,52.7,58.1
5/5/23,24122.3,66.4,56.7,60.4
5/6/23,16002.5,67.2,53.6,60.7
5/7/23,24635,68.9,55.4,61.6
5/8/23,2907,70.4,57.5,63.4
5/9/23,3058.75,65.7,57.8,60.8
5/10/23,11738,67.8,56.1,61.6
5/11/23,11900.17,68.7,57.5,61.9
5/12/23,18654,72,56.1,62.7
5/13/23,23014.5,72.8,58.1,64.1
5/14/23,8722,75,60.7,65
5/15/23,2961.25,70.4,62,64.8
5/16/23,1991.5,71.1,59.9,63.5
5/17/23,8132.5,70.3,57.9,62.6
5/18/23,1372,72.8,60.2,64.3
5/19/23,12643.27,67.9,61.1,63.6
5/20/23,17888.85,72.4,61.9,65.6
5/21/23,20811.03,71.6,61,65
5/22/23,2256.25,68.9,61.6,64
5/23/23,2742.25,64.5,60.8,62.5
5/24/23,8353.75,66.6,59,62.6
5/25/23,13099.25,65.7,61.2,63.1
5/26/23,18741.75,68,59.3,63.1
5/27/23,20925.29,69.2,60.1,63.5
5/28/23,31508.14,67.2,60.4,63.2
5/29/23,24254.27,69.6,61.9,64.6
5/30/23,3369.75,68.4,61.2,63.9
5/31/23,10253.5,67.4,60.9,63.1
6/1/23,14095.5,66.5,61.8,63.6
6/2/23,19870.29,71.1,61.1,65.4
6/3/23,23388,71.7,58.7,64.7
6/4/23,20170.75,70.9,61.5,63.9
6/5/23,2401.75,67.1,60.2,62.5
6/6/23,3399.5,66.3,60.6,63.1
6/7/23,8027.75,69.6,60.8,63.8
6/8/23,15401.75,71.1,58.7,64.4
6/9/23,20853.02,68.9,60.3,64
6/10/23,15776.25,67.9,61.4,64.1
6/11/23,11957.75,67.9,61.8,64.1
6/12/23,4142,70.4,62.2,65.5
6/13/23,4355.75,70.1,61.8,65.3
6/14/23,15212.25,66.6,60.3,63.4
6/15/23,18101,69.8,62.5,65.4
6/16/23,23119.03,73.1,63.1,66.6
6/17/23,18431.75,76.4,62.6,68
6/18/23,26846.25,71.7,63.1,66.3
6/19/23,5918,72.4,63.1,66.3
6/20/23,5122.5,74.5,60.8,67.7
6/21/23,14650.25,76.1,60.3,68.4
6/22/23,12910.5,72.8,60.8,65.1
6/23/23,24312.75,72.3,59.2,65.2
6/24/23,20688.23,76.4,58.2,66.4
6/25/23,20680.75,74.8,60.3,66.1
6/26/23,3593,73.3,59.4,66.3
6/27/23,4472.75,74.7,60.5,67.2
6/28/23,13614,73.7,61.8,66.3
6/29/23,13873.5,75.3,61.4,67.1
6/30/23,18728.97,75.7,59.3,66.6
7/1/23,19133.5,77.6,62.8,69
7/2/23,23115.4,78.5,62.2,68.3
7/3/23,15030.56,78,60.3,66.7
7/4/23,19791.34,76,60.8,66.7
7/5/23,9100,77,60.6,66.9
7/6/23,13022.02,75,60.7,66.5
7/7/23,17774.23,75.3,61.5,67.4
7/8/23,20452.5,76.8,62.2,68
7/9/23,21244.75,76.2,63.1,68.5
7/10/23,4868.75,81.6,61.5,70.4
7/11/23,8007.5,81.7,62.6,71.8
7/12/23,9221.25,86.3,64,75
7/13/23,14316.25,88.1,67,74.9
7/14/23,21361.94,87.2,64.9,75.3
7/15/23,5771.5,82.7,65.5,73.1
7/16/23,26481.5,83.3,67,74.1
7/17/23,4679.25,87.4,68.7,75.3
7/18/23,5819.75,84.7,67.5,75.3
7/19/23,15315.27,85.6,67.4,75.9
7/20/23,19741.5,86.7,67.7,76.5
7/21/23,18730.5,82,66.9,73.9
7/22/23,20538.25,82,65,72.9
7/23/23,24021.22,86.9,67.4,73.2
7/24/23,4628.75,83.8,69.2,75.5
7/25/23,5256.75,88.9,68.6,77.1
7/26/23,15779.47,90.3,69.9,79.3
7/27/23,17449.75,88.6,70.4,78.6
7/28/23,22625.75,84.2,70.1,75.9
7/29/23,21230,88.2,70.3,76.7
7/30/23,18490.19,86.4,70.3,76.8
7/31/23,4155.25,89,72,78.8
8/1/23,5658.25,87,71.5,77.4
8/2/23,16056.65,84.1,68.7,75.4
8/3/23,17021.52,81.3,64.3,72.8
8/4/23,26585.03,81.5,66,72.9
8/5/23,4275.75,83.2,66.3,74.2
8/6/23,25700.27,85.1,66.5,74.5
8/7/23,5661,87,68,75
8/8/23,6447,86.8,66.1,74.8
8/9/23,12382.5,81.2,68.5,73.1
8/10/23,13941.5,81.2,68.1,72.9
8/11/23,20500,77.9,68.3,72.2
8/12/23,24170.5,81.2,68.2,73.5
8/13/23,25978.77,80.6,67.3,73
8/14/23,3914.5,80,67.4,72.3
8/15/23,6390.75,80.2,67,72.7
8/16/23,13986,83.7,67.3,74.7
8/17/23,17589.77,80.8,66.2,72.2
8/18/23,22318.47,80.5,65.3,72.1
8/19/23,16731,78.6,64.5,72.4
8/20/23,4685,78.8,69.3,73.7
8/21/23,3367,79.8,66,71.4
8/22/23,5195.25,80.9,66.3,73.3
8/23/23,14601.26,81.5,66.5,73.8
8/24/23,16314.75,78.3,66.9,71
8/25/23,18559.5,78.3,64,71
8/26/23,20335.77,83,64.5,73.4
8/27/23,18599.76,87.6,65.7,76
8/28/23,5480.75,94.2,69.8,79.6
8/29/23,5023.5,91.5,69,79.6
8/30/23,11419.25,91.5,68.7,79
8/31/23,12431.37,83.9,68.8,74.9
9/1/23,16570,82,69.9,75.1
9/2/23,15840.96,78.9,69.2,73.3
9/3/23,22021.25,77.8,68.4,73
9/4/23,24804.29,77.1,65.8,71
9/5/23,2811.25,75.6,65.7,70.3
9/6/23,7973.75,80.3,68.5,72.8
9/7/23,12388,80.1,64.7,72
9/8/23,18477.51,89.9,66.4,75.9
9/9/23,21684.5,88.7,70.4,78.4
9/10/23,24273.96,90.2,72.4,79.7
9/11/23,2184.5,87.9,71.1,76.3
9/12/23,3205.75,80.5,67.4,73.1
9/13/23,8340.5,76.8,67.1,70.9
9/14/23,7518.96,75.4,66.6,70.2
9/15/23,14649.71,75.3,66.6,69.6
9/16/23,14214,71,66.6,68.5
9/17/23,18902.75,72.8,66.2,68.9
9/18/23,3059,76.1,64.7,69.6
9/19/23,1952.5,76.6,63.8,68.8
9/20/23,9374.75,74.4,65.7,69.2
9/21/23,9716.48,72.5,63.4,67.9
9/22/23,15784.75,73.2,60.9,66.6
9/23/23,20043.5,75.2,60.5,67.9
9/24/23,22761.81,76.7,61.8,68.3
9/25/23,3328.5,75.6,59.8,67
9/26/23,2427.75,79.7,59.9,69.5
9/27/23,11360,78.4,62,69.8
9/28/23,9248,76.1,65.6,69.1
9/29/23,12789.5,71.3,66.4,68.3
9/30/23,12431.27,68.1,63.7,65.9
10/1/23,14885.5,69.1,59.3,63.8
10/2/23,2285,71.4,56.4,63.7
10/3/23,3633.75,79.7,59.7,68.8
10/4/23,11018.5,85.7,61.8,73.3
10/5/23,13031.75,92.1,64.8,76.9
10/6/23,17468.75,90.4,64.6,76.7
10/7/23,21248.54,86.3,65.1,73.4
10/8/23,19774.25,80.2,64.2,69.9
10/9/23,3869.75,76.1,62.7,67
10/10/23,2198.25,74.1,60.9,66.8
10/11/23,10545,74.6,63.8,68.5
10/12/23,12680.5,78.9,60.7,68.5
10/13/23,16388.5,78.7,60.1,68.3
10/14/23,19828.75,79,60.1,68.3
10/15/23,18924.25,86.6,60,72
10/16/23,2649,82.1,61.7,70.8
10/17/23,2664.5,79,63.6,69.6
10/18/23,11320,77.5,63.3,69.3
10/19/23,12597.25,80.1,61.7,69.6
10/20/23,13948.74,83.6,64.3,71.9
10/21/23,17266.25,81.8,64,70.4
10/22/23,17254.75,74.1,59.1,66.3
10/23/23,2546,73,64,67.7
10/24/23,2879.5,74.3,60.6,66.4
10/25/23,10590.25,71,64.8,67
10/26/23,11530.25,71.5,62.6,66.3
10/27/23,17044.02,72.2,57.9,64.3
10/28/23,10127,72.4,55.1,63.3
10/29/23,21375.25,78.5,56,66.3
10/30/23,3225,79.8,50.1,64.8
10/31/23,3436.75,83,54.4,67.9
11/1/23,9272.25,84.5,60.2,70.7
11/2/23,11987.5,82.6,58.4,69.2
11/3/23,18129.71,80.3,55,66
11/4/23,17488,76.9,54.1,64.5
11/5/23,18622.25,78.6,55.1,65
11/6/23,2802.25,74.3,55.5,64.3
11/7/23,2639.5,70.6,62.4,65.9
11/8/23,10942,76.8,55.2,66.2
11/9/23,9040.25,78.4,53,65
11/10/23,15767,74.9,52.6,62.3
11/11/23,16874.01,78.8,50.7,63.6
11/12/23,22507.53,82.8,56.2,67.7
11/13/23,2293.5,75.2,55.4,63.8
11/14/23,2965.75,76.9,51.7,63.6
11/15/23,6464.51,70.8,55.5,60.8
11/16/23,10426.77,72.6,60,64.5
11/17/23,15888.25,73.9,57.1,64.5
11/18/23,11887.6,69.3,62.2,65.2
11/19/23,17473.25,71.4,58.1,64.7
11/20/23,3185.75,73.2,51.2,61.8
11/21/23,5177,80.1,51.9,65.3
11/22/23,15006.25,80.8,57.2,67.2
11/23/23,5678.75,70.3,57.3,63.4
11/24/23,16624.17,68.8,56.4,62.1
11/25/23,14274.25,68.8,54.3,60.2
11/26/23,7246.25,70,49.9,59.3
11/27/23,2263.25,71.8,51.6,60.8
11/28/23,3597.5,70.5,51.9,60.6
11/29/23,8668.5,64.6,50.9,58.1
11/30/23,15918.75,66.2,51.3,58.1
12/1/23,12117.25,66.9,56,60.7
12/2/23,11138.5,66.4,48.8,57.5
12/3/23,19065.05,68.3,48.8,57.8
12/4/23,2574,75.6,51.7,61.8
12/5/23,3825,81.9,55.9,66.6
12/6/23,8096,72.7,55,62.8
12/7/23,9870.25,66.6,55.1,60.9
12/8/23,17539.04,68,50.8,58.2
12/9/23,9827.5,71.3,48.1,59.4
12/10/23,13794.18,74.3,50.4,61.1
12/11/23,2198.5,73.5,51.5,60.9
12/12/23,3013,67.5,49.6,57.4
12/13/23,14103.54,67.3,54.6,59.3
12/14/23,10808.05,74.7,49.6,60.2
12/15/23,15501.15,78.7,54.3,64.2
12/16/23,13744.75,78.8,56,64.4
12/17/23,17967.5,77.2,58.1,65.5
12/18/23,2760.25,71.5,59,64.5
12/19/23,1946.25,67.2,59,62
12/20/23,9308.25,65.4,60.5,61.5
12/21/23,10501.5,63.5,59.4,61.5
12/22/23,14802,66.8,56.9,62.1
12/23/23,13533.75,64.9,53.9,58.9
12/24/23,3576,66.1,53.7,59.1
12/25/23,0,66.5,49.4,57.4
12/26/23,4017.5,66.6,51.8,58.7
12/27/23,13796.25,65.3,52.7,58
12/28/23,12847,65.7,51.9,57.6
12/29/23,15804.75,65.5,52,57.7
12/30/23,9667.75,62.4,53.4,58
12/31/23,2881,60.5,52.9,56.3
1/1/24,4076,66.5,50,56.9
1/2/24,3044.75,65.8,46.6,55.4
1/3/24,2393.25,63.7,51.2,56.4
1/4/24,2177,64.4,51.4,56.8
1/5/24,3110.5,65.2,46.9,54.7
1/6/24,5951.5,63.8,43.7,54.5
1/7/24,3565,57.6,49.9,53.7
1/8/24,2407,61.4,43.8,52.5
1/9/24,2369.5,63.3,43.3,52.3
1/10/24,2119,61.5,43.9,52.5
1/11/24,2521.25,63.8,48.6,55.1
1/12/24,3205,62.5,42.8,52
1/13/24,4557.5,62.4,43.2,52.6
1/14/24,4977.5,62.2,47.2,53.8
1/15/24,5022.75,65.1,47.6,55
1/16/24,2673.25,68.2,48.6,56.5
1/17/24,2021.75,60.6,55.7,57.7
1/18/24,2041.75,67.1,53.6,59.1
1/19/24,16097.52,68.6,52.9,59.1
1/20/24,11472.5,59.5,55.7,57.5
1/21/24,13231.75,65.4,56.5,59.8
1/22/24,1513.75,59.6,56.2,57.5
1/23/24,2747.25,66.7,50.3,58.9
1/24/24,8645.75,63.2,55.9,59.2
1/25/24,11837.77,65.2,55.4,59.4
1/26/24,17352.73,72.9,49.9,59.9
1/27/24,23407.75,76.2,52.8,64
1/28/24,24659.5,78.7,53.7,65.6
1/29/24,2806.25,78.5,54.4,65.7
1/30/24,2663.5,73.4,52.1,62.2
1/31/24,10571.75,67.2,52.9,59.2
2/1/24,9354.77,58.4,50.9,54.6
2/2/24,16418,62.4,48.8,55.1
2/3/24,17319,60.6,46.9,54.1
2/4/24,7911.75,59.5,52.4,54.8
2/5/24,1256.25,56.9,53.5,55.7
2/6/24,1559.25,54.6,49.7,52.5
2/7/24,8074.75,59.4,47.3,52.7
2/8/24,8504,59.1,43.4,52.2
2/9/24,12110.25,60.9,48.1,54.2
2/10/24,16591.5,64.4,49.6,56.6
2/11/24,3335.25,64.6,44.1,54.8
2/12/24,2694.25,66.3,45.9,55.5
2/13/24,2810.5,65.2,46.8,55.5
2/14/24,7628.25,63.5,53.1,57.7
2/15/24,4987.98,64.8,49.7,57.2
2/16/24,14694.5,65.9,56.7,60
2/17/24,15788.25,63.1,55.4,58
2/18/24,11841.76,63.6,55.7,59.3
2/19/24,1836.75,58.9,56.3,57.6
2/20/24,1803,60,56.3,57.5
2/21/24,11085.5,64.4,54.6,58.8
2/22/24,10286.5,66.4,52.2,59.1
2/23/24,18371.07,77.5,53.3,64.1
2/24/24,16900.5,75.4,58.7,63.9
2/25/24,17412,68.1,53.9,59.6
2/26/24,2134.5,64.4,53.8,57.9
2/27/24,2967.25,65.1,54.6,59.4
2/28/24,10466,67.8,50.7,59.6
2/29/24,10834.9,63.5,56.6,59.6
3/1/24,14356.14,63.1,55.8,59.2
3/2/24,13884.66,62,55.3,57.9
3/3/24,22141.75,61.6,51.4,56.1
3/4/24,3536.25,64.1,48.8,56.4
3/5/24,3853,64.8,50.4,57.5
3/6/24,8825.02,62.2,51,55.6
3/7/24,9487.25,65.3,48.7,56.8
3/8/24,18746.5,70.6,50.5,58.6
3/9/24,16406.25,71.5,50.5,59.7
3/10/24,22669.02,69.2,50.4,59.6
3/11/24,3395,65.9,52.8,58.5
3/12/24,3800.75,64.4,54.7,59.5
3/13/24,12311.49,68.6,56.1,62.4
3/14/24,9774.5,70.6,53.7,62.9
3/15/24,20408.06,67.6,56,61.6
3/16/24,26231.79,67.8,55.1,60.2
3/17/24,30238.25,68.8,52.2,59.4
3/18/24,3917.5,73,53.5,62.5
3/19/24,3561.5,72,54.8,62.7
3/20/24,10230.25,69.5,54.1,60.7
3/21/24,13821.25,68.6,56.9,61.4
3/22/24,22775,69.6,54.8,60.6
3/23/24,18342.34,62.6,55.8,58.7
3/24/24,17704.25,64,49.9,56.4
3/25/24,4072,65.4,50.7,57.7
3/26/24,4548,66,54.6,59.3
3/27/24,14704.52,68.5,52.9,59.2
3/28/24,12675,65.7,53.3,58.4
3/29/24,17952.25,62,53.2,57.5
3/30/24,9183.5,56.9,51.1,53.6
3/31/24,2422.5,62.4,50.8,56
4/1/24,5314.25,66.9,51.9,59.8
4/2/24,5920.5,72.3,52.7,63
4/3/24,15799.71,74.2,55,63.2
4/4/24,13108.75,63.6,51.8,57.5
4/5/24,16599.74,57.7,46.9,52.2
4/6/24,20245.48,63.3,45.8,54.3
4/7/24,25727.68,65.2,48.1,56.6
4/8/24,4820.25,72.9,49.4,61.5
4/9/24,4510.75,80.1,54,67.7
4/10/24,16779.75,78,56.6,67
4/11/24,17960.73,74.8,55.2,62.3
4/12/24,16725.5,61.8,55.5,58.6
4/13/24,5401.25,63.6,49.8,58.4
4/14/24,13603.75,59.7,48.3,53.2
4/15/24,3723.5,65.5,48.4,57.3
4/16/24,4105.5,77,51.9,63.5
4/17/24,13635.75,73.8,55.9,63.6
4/18/24,12748.25,70.2,55.9,61.4
4/19/24,23072.99,67.9,57.4,61.2
4/20/24,20449,69,56.7,61.3
4/21/24,27139.75,69.1,55.4,61.4
4/22/24,2541.25,65.6,59.5,61.5
4/23/24,4167.25,66.1,57.8,61.9
4/24/24,14952.53,66.1,57.5,61.3
4/25/24,14141.5,64.4,56.4,59.9
4/26/24,21930.29,68.5,56.7,61.8
4/27/24,31715.62,70.1,56.7,62.7
4/28/24,29033,72.3,55.4,63.3
4/29/24,3980.25,72.1,56.8,64.8
4/30/24,4212.75,73.6,58.9,64.2
5/1/24,13182,70.3,58.9,63.9
5/2/24,16374.46,70.3,58,62.9
5/3/24,18465.9,69.3,60.5,63.9
5/4/24,15882.75,65.9,58.7,61.5
5/5/24,29725,69.1,53.9,61.6
5/6/24,3978,69,55.1,62.2
5/7/24,3474.5,72.3,54.8,63.6
5/8/24,14822.69,71.6,58.3,64
5/9/24,14084.5,73.5,60.4,64.3
5/10/24,20411.25,67.6,58.5,62.5
5/11/24,22441.25,68.6,57.6,61.8
5/12/24,14285.25,70.5,58.6,63.4
5/13/24,2678.75,68.5,58.5,62.5
5/14/24,-67,68.8,59.6,62.9
5/15/24,17130.27,65.4,59.7,61.5
5/16/24,1753,67.3,59.9,62.6
5/17/24,18560.21,67.4,60.1,62.7
5/18/24,15751.52,67.6,58.9,62.1
5/19/24,26639.75,67.7,57.7,62.3
5/20/24,3276.75,65.5,57.5,60.5
5/21/24,4124.75,66.8,56.1,60.9
5/22/24,12980.75,66.7,56.1,60.6
5/23/24,13547,65.4,59.2,61.5
5/24/24,22853.81,65.8,58,60.9
5/25/24,26806.58,66.3,55.5,60.4
5/26/24,25212.25,67.6,57.5,61.6
5/27/24,34566.05,68.3,56.7,61.2
5/28/24,3343.75,68.4,56.7,60.5
5/29/24,13737.25,68.5,57.7,62
5/30/24,12207.75,69.6,58.4,63
5/31/24,19954.54,69.2,58.2,62
6/1/24,25809.75,68.7,58.8,61.8
6/2/24,21110,67.8,59.4,62.4
6/3/24,3645.5,68.8,58.5,62.7
6/4/24,3722.25,72.9,61.2,65.6
6/5/24,11819.5,73.9,62,65.9
6/6/24,15501.48,70,61.9,65.8
6/7/24,25715.73,71.3,59.3,64.4
6/8/24,23430.25,70.2,61.8,64.7
6/9/24,25041.61,70,61.5,64.4
6/10/24,4679.75,72.1,59.7,64.1
6/11/24,5849.75,68.7,58.4,62.7
6/12/24,18487.1,73,61.8,65.6
6/13/24,16480.5,71.9,59.8,64.3
6/14/24,25216.5,73.2,60.2,66.3
6/15/24,26592.3,76.7,61.8,69.1
6/16/24,30579,74.6,62.2,68.2
6/17/24,4755.25,72.2,63,66.9
6/18/24,5099,73.7,62.8,67
6/19/24,26531.78,73.2,63.4,67.3
6/20/24,19794.99,74.6,61.4,67
6/21/24,28627.25,76.5,60.9,68.6
6/22/24,29206.7,80,62.7,71.1
6/23/24,27743.25,85.7,65.7,74.3
6/24/24,5371.5,84.8,69.1,75.1
6/25/24,5913.5,79,66.3,71.8
6/26/24,15490.47,76,64.5,69.6
6/27/24,14743.75,78.2,65.1,70.6
6/28/24,23549.5,75.8,64.1,69.4
6/29/24,30737.5,77.1,61.1,67.6
6/30/24,19449.81,77.1,59.7,68
7/1/24,6347.25,78.2,63.3,69.9
7/2/24,6035.75,78.4,63.3,69.6
7/3/24,19899.77,78.1,62.9,69.1
7/4/24,25856.25,76.4,64.2,69.1
7/5/24,21660,80.5,64.3,72
7/6/24,32513.25,81.2,67.5,72.5
7/7/24,19515.27,79.5,66.1,72.1
7/8/24,3787.01,75.8,63,68.8
7/9/24,7448.5,79.4,64.7,70.2
7/10/24,12540,80.9,65.1,72.5
7/11/24,17028,80.4,65.1,70.9
7/12/24,21750.25,74.3,64.4,68.7
7/13/24,10003.25,79.4,65.1,70.2
7/14/24,29528,78,65.8,70.6
7/15/24,6191,77,64.8,70
7/16/24,6736.75,77.7,65.3,71.2
7/17/24,18007.73,78.8,65.4,71.5
7/18/24,13599,77.4,66.5,71.1
7/19/24,20856.56,80.3,64.9,71
7/20/24,24876,80.4,64.7,72.2
7/21/24,28663,81.7,67,73.3
7/22/24,5607.5,82.4,67.8,73.7
7/23/24,6614.25,81,67.8,73.1
7/24/24,14717.25,80.7,67,73
7/25/24,19011.83,82.7,66.8,73.7
7/26/24,22358.22,78.8,65.6,71.5
7/27/24,26045,75.9,64.2,69.4
7/28/24,20807.77,77.3,62.1,69.3
7/29/24,4821.5,77,61.5,68.8
7/30/24,6091.25,76.9,62,69
7/31/24,14237.02,77.8,61.8,68.7
8/1/24,14707.92,77.7,62.5,69.3
8/2/24,22430.15,81.3,67,73.1
8/3/24,8520.25,82.4,65.6,73.2
8/4/24,31905.98,81.8,64.8,73.1
8/5/24,5836.5,85,66.7,74.7
8/6/24,6227.25,87.5,67.8,75.2
8/7/24,20102.75,83.3,68.7,74.2
8/8/24,20810.25,80.1,66.6,72
8/9/24,21683.25,80.2,65.1,70.7
8/10/24,27338.48,83.3,65.4,73
8/11/24,28693.5,82.7,67.8,74.8
8/12/24,5726.25,80.4,68.4,73.9
8/13/24,6348.75,81.8,67.2,73.4
8/14/24,18568.25,81.5,67,73.6
8/15/24,16000.13,81.8,67.2,74.6
8/16/24,24392.02,84.3,68.8,74.8
8/17/24,27150.25,78.6,68.6,72.6
8/18/24,29310.5,79.1,66.1,72
8/19/24,6238.75,83.9,66.1,74.8
8/20/24,6309.5,88.8,67.1,76.7
8/21/24,16841.5,86.3,66.9,75.5
8/22/24,14800,78.6,66.7,72
8/23/24,21543.13,78.4,64.4,69.9
8/24/24,26014,76.7,62.6,69.1
8/25/24,25546.77,78.2,63.9,70.8
8/26/24,4855.25,81.9,64.5,72.6
8/27/24,7939.75,77.7,64.7,70.5
8/28/24,10769.25,77.1,63.8,68.4
8/29/24,15626.46,75.8,63.8,68.2
8/30/24,21901.75,75.3,63,67.8
8/31/24,24790,78,64.1,70.3
9/1/24,24389.95,80.9,66.1,72.5
9/2/24,27130.75,82.8,67.3,73.4
9/3/24,3520,83.1,67.8,74.2
9/4/24,11924.5,90.8,68.4,79.2
9/5/24,15746.25,94,74,83.4
9/6/24,22801.5,104.9,77.1,85.9
9/7/24,28049.75,93.6,75.3,82.2
9/8/24,24190.73,96.3,73.9,84.9
9/9/24,3147.25,95.2,75.8,85
9/10/24,3971,81.9,67,75.2
9/11/24,9575,75.1,62.6,68.1
9/12/24,9817.75,74.6,63.8,68.6
9/13/24,19708,76.1,66,69.7
9/14/24,17853,75.5,65.1,68.9
9/15/24,22837.91,72.9,64.7,67.6
9/16/24,2729.25,70.8,62.8,66.6
9/17/24,3326.5,71.7,60,65.4
9/18/24,11126.75,72.2,59.7,65.6
9/19/24,8867.75,70.8,63.7,66.6
9/20/24,14956,70.4,62.4,66.2
9/21/24,24994.06,72.3,62.7,66.3
9/22/24,19019.5,73.4,62.5,66.3
9/23/24,3465.5,74.8,60.6,65.9
9/24/24,2703.5,73.1,62.6,65.6
9/25/24,14110,69.9,61.3,64.3
9/26/24,10681,73.3,60.1,65.2
9/27/24,15679,70.7,59.8,64
9/28/24,16409.52,71.6,58.3,63.9
9/29/24,23363.25,73.3,58.5,65
9/30/24,3143.5,77.5,60,67.9
10/1/24,3158.25,79.5,61.8,68.5
10/2/24,9791.75,79.1,63.2,69.8
10/3/24,13949,80.7,64,69.9
10/4/24,16296.5,81.5,64.7,70.2
10/5/24,19783,76.5,64.1,68
10/6/24,17600.96,77.6,62.1,67.5
10/7/24,3021.75,76.9,62.8,67.9
10/8/24,3000.75,76.5,60.6,67
10/9/24,10663,74.1,61.8,66.4
10/10/24,11589,75.6,61,67.3
10/11/24,19755.5,75.1,60.4,67.2
10/12/24,16692.31,74.9,60.1,66.4
10/13/24,17877.52,72.3,59.7,64.7
10/14/24,3227.25,71.8,61.3,64.8
10/15/24,3136.5,70.5,62.3,64.8
10/16/24,9778.25,65.9,63.4,64.3
10/17/24,7896,69.3,62.8,65.2
10/18/24,15291.55,79.7,59.3,68.4
10/19/24,21877,78.8,58.1,68
10/20/24,20389.18,79.7,57.2,67.8
10/21/24,3219.25,78.5,59,68.4
10/22/24,4279.25,80.9,58.4,69.1
10/23/24,11353.27,82.2,58.8,69.1
10/24/24,10498,74.8,58.8,65.6
10/25/24,12344.56,71.6,56,62.8
10/26/24,18072.5,76,55.5,64.6
10/27/24,16947.5,79.3,59.5,66.6
10/28/24,3581.5,67.2,60.8,64.3
10/29/24,4488,69.1,55.4,61.6
10/30/24,13242.75,71.9,53.4,61.2
10/31/24,4353.75,69.6,51.3,60.1
11/1/24,17348.52,67,51.6,59.5
11/2/24,11039.5,65.2,54.9,59.3
11/3/24,16080.75,74.6,54.8,63.9
11/4/24,2897,73.3,54.6,64.2
11/5/24,2807.5,71.8,52.2,61.5
11/6/24,10031,76.2,54.4,64.5
11/7/24,10793,72.3,49.5,61.3
11/8/24,14372.8,72.6,49.5,60.2
11/9/24,15334.45,73,48.8,60.4
11/10/24,24679,73.1,50,60.5
11/11/24,5847.75,66.9,49.1,58.6
11/12/24,2693.75,69.5,56.2,61.5
11/13/24,11373,74.5,54.1,63.1
11/14/24,10565.5,70.2,50.2,59.3
11/15/24,14994.75,62.8,54.5,57.7
11/16/24,12292.75,65.8,49.1,56.9
11/17/24,18588.99,67.9,46.3,56.4
11/18/24,2718.5,63.8,47.6,55.5
11/19/24,3197.75,67.2,48.7,57
11/20/24,11519.25,71.8,48,58.6
11/21/24,9275.75,72.2,46.6,58
11/22/24,15982.79,69.3,45.7,56.8
11/23/24,13835.67,60,49.1,55.9
11/24/24,13851,61.2,53.8,57
11/25/24,3246,67.7,50.9,58.5
11/26/24,3126.25,66.2,56,60.5
11/27/24,13123.75,65.3,56.4,60.7
11/28/24,5303.5,74.6,53.6,63
11/29/24,16555.5,70.9,54.9,62.6
11/30/24,18584.25,76.1,56.1,63.9
12/1/24,8991,70.7,54.7,61.6
12/2/24,1956.5,70.4,49.9,58.3
12/3/24,3701,65.9,50.2,56.9
12/4/24,8075,61.6,52.4,55.6
12/5/24,16092,62.8,50.4,54.7
12/6/24,15939.96,68.2,47.4,57.2
12/7/24,15054.02,78.2,48.8,61.9
12/8/24,15307.5,66.3,47.6,56.6
12/9/24,2178,63.1,52.4,56.4
12/10/24,2921.5,72.9,48.1,59.3
12/11/24,11157.55,70.9,50.6,58.9
12/12/24,8294,59.5,44.8,52.7
12/13/24,15911,61.8,47.2,54.2
12/14/24,12447.23,62.7,47.6,55.1
12/15/24,20362.5,63.3,46.9,54.2
12/16/24,2141.75,68.3,47.5,55.9
12/17/24,3228.75,72.1,48.4,58.5
12/18/24,12016.5,81.5,55.3,67
12/19/24,18391.5,75.3,50.7,60.2
12/20/24,19265.87,62.7,49,54.9
12/21/24,16406.52,63.3,48.3,55.4
12/22/24,20908,63.7,50.4,56.8
12/23/24,4352,63.8,53.2,57.3
12/24/24,3894,58.8,51.8,55.5
12/25/24,0,63.3,51.2,57
12/26/24,11377.25,64.5,48.9,55.9
12/27/24,13964.5,60.8,50.8,55.9
12/28/24,11409.25,60,52.2,56.1
12/29/24,14763.5,58.1,47.4,52.8
12/30/24,4788.5,61.8,51.3,55.5
12/31/24,4581.75,60.8,48.6,53
1/1/25,11654.71,62.6,45.3,53.9
1/2/25,6583.75,71.9,46.3,56.4
1/3/25,4616.25,61.9,49.2,54.1
1/4/25,6404,61.2,47.8,55
1/5/25,10953.5,73.7,46.5,58.4
1/6/25,3199.25,71.7,48.8,59
1/7/25,6189.5,71.3,50.6,61.5
1/8/25,542.5,72.1,57.2,63.6
1/9/25,1362,68.8,46.1,56.6
1/10/25,818,69.1,47.2,57.6
1/11/25,382,65.2,46.1,55.9
1/12/25,1133,67.8,49.4,56.7
1/13/25,399,66.2,43.3,54.7
1/14/25,160,64.8,42.3,53.3
1/15/25,409,70.7,44,56.1
1/16/25,157,66.2,45.7,54.8
1/17/25,677,60.4,46.2,52.6
1/18/25,3427.5,60.6,47.4,53.1
1/19/25,4277,57.8,44.2,51.5
1/20/25,3187.5,68.8,48.3,58.1
1/21/25,2071.75,70.7,44.1,57.2
1/22/25,2675,74.7,50.5,61.6
1/23/25,2155,78.6,50.8,63.8
1/24/25,13694,71.3,51.1,59.4
1/25/25,13772.5,59.2,47.2,53
1/26/25,7603.5,52.8,48.7,50.9
1/27/25,1895.5,58.6,46.5,51.5
1/28/25,3450.25,58.6,43.4,51
1/29/25,8006,60,46.2,52.6
1/30/25,7254.21,56.9,48.5,52.4
1/31/25,11798,61,43.7,52.1
2/1/25,13265,66.4,46.6,56.3
2/2/25,14456,67.3,52.4,57.8
2/3/25,2196.75,62,50.2,55.8
2/4/25,3136,62.4,51.3,56.7
2/5/25,7476.5,62.3,52.5,56.4
2/6/25,6500,61.1,56.3,58
2/7/25,10361,60.6,52.5,57.7
2/8/25,11367.48,62.2,46.6,54.3
2/9/25,10134,67.6,46.5,56.2
2/10/25,1596.75,60.5,46.6,53.7
2/11/25,2763.5,59.7,50.5,54.4
2/12/25,7257.75,54.5,49,52.1
2/13/25,5773.79,58,53,55.8
2/14/25,4231.5,60.8,53.5,56.9
2/15/25,13731.25,67,47.2,56.3
2/16/25,15311.5,70.6,48.5,58.5
2/17/25,4993.75,64.8,48.9,56.6
2/18/25,2425.25,63.4,50.9,56.8
2/19/25,10871,67.4,50,57.8
2/20/25,11084.01,67,50.8,58.9
2/21/25,13800.5,71.6,51.8,59.9
2/22/25,19772.75,70.1,47.9,58.8
2/23/25,8752.5,74.2,49.5,61.1
2/24/25,2568.5,72.1,53.3,61.2
2/25/25,2613.5,70.8,51.8,60.6
2/26/25,10853.46,71.7,51.9,60.3
2/27/25,8933.63,83.4,51.8,66.4
2/28/25,13394.23,66.8,55.2,59.9